/home/grancha/current/tex/davebib5.bib